@book{book_priest,
	place={Cambridge},
	title={Magnetohydrodynamics of the Sun},
	DOI={10.1017/CBO9781139020732},
	publisher={Cambridge University Press},
	author={Priest, Eric},
	year={2014},
}
@book{book_MHD,
	address={Cambridge, UK},
	title={Magnetohydrodynamics of Laboratory and Astrophysical Plasmas},
	DOI={10.1017/9781316403679},
	publisher={Cambridge University Press},
	author={Goedbloed, Hans and Keppens, Rony and Poedts, Stefaan},
	year={2019},
}
